<record><leader>00000cas a2200000 a 4500</leader><controlfield tag="001">33920174</controlfield><controlfield tag="008">951214c199u9999fluwr ne      0    0eng c</controlfield><datafield ind1=" " ind2=" " tag="010"><subfield code="a">sn 95047492 </subfield></datafield><datafield ind1=" " ind2=" " tag="040"><subfield code="a">FUG</subfield><subfield code="b">eng</subfield><subfield code="c">FUG</subfield><subfield code="d">OCL</subfield><subfield code="d">OCLCQ</subfield><subfield code="d">OCLCF</subfield><subfield code="d">OCLCO</subfield></datafield><datafield ind1="1" ind2=" " tag="029"><subfield code="a">AU@</subfield><subfield code="b">000025895139</subfield></datafield><datafield ind1=" " ind2=" " tag="037"><subfield code="b">The Nature Coast News, PO Drawer 1730, Chiefland, FL 32644</subfield></datafield><datafield ind1=" " ind2=" " tag="042"><subfield code="a">pcc</subfield></datafield><datafield ind1=" " ind2=" " tag="043"><subfield code="a">n-us-fl</subfield></datafield><datafield ind1="0" ind2="4" tag="245"><subfield code="a">The Nature Coast news.</subfield></datafield><datafield ind1=" " ind2=" " tag="260"><subfield code="a">Chiefland, Fla. :</subfield><subfield code="b">Ron &amp; Liz Cason</subfield></datafield><datafield ind1=" " ind2=" " tag="300"><subfield code="a">v. :</subfield><subfield code="b">ill. ;</subfield><subfield code="c">42 cm.</subfield></datafield><datafield ind1=" " ind2=" " tag="310"><subfield code="a">Weekly</subfield></datafield><datafield ind1=" " ind2=" " tag="500"><subfield code="a">"A newspaper built on making a difference in the lives of our readers."</subfield></datafield><datafield ind1=" " ind2=" " tag="588"><subfield code="a">Description based on: Vol. 2, no. 29 (Sept. 12, 1995).</subfield></datafield><datafield ind1=" " ind2="0" tag="651"><subfield code="a">Chiefland (Fla.)</subfield><subfield code="v">Newspapers.</subfield></datafield><datafield ind1=" " ind2="0" tag="651"><subfield code="a">Levy County (Fla.)</subfield><subfield code="v">Newspapers.</subfield></datafield><datafield ind1=" " ind2="7" tag="655"><subfield code="a">Newspapers.</subfield><subfield code="2">fast</subfield><subfield code="0">(OCoLC)fst01423814</subfield></datafield><datafield ind1=" " ind2="7" tag="651"><subfield code="a">Florida</subfield><subfield code="z">Chiefland.</subfield><subfield code="2">fast</subfield><subfield code="0">(OCoLC)fst01226622</subfield></datafield><datafield ind1=" " ind2="7" tag="651"><subfield code="a">Florida</subfield><subfield code="z">Levy County.</subfield><subfield code="2">fast</subfield><subfield code="0">(OCoLC)fst01220709</subfield></datafield><datafield ind1=" " ind2=" " tag="752"><subfield code="a">United States</subfield><subfield code="b">Florida</subfield><subfield code="c">Levy</subfield><subfield code="d">Chiefland.</subfield></datafield><datafield ind1="0" ind2="0" tag="780"><subfield code="t">Messenger (Chiefland, Fla.)</subfield></datafield></record>